@INPROCEEDINGS{Lowe,
    author = {Lowe, David G.},
    title = {Object Recognition from Local Scale-Invariant Features},
    booktitle = {IEEE Computer Society Proceedings of International Conference on Computer Vision (ICCV)},
    year = {1999},
    volume = {2},
    pages = {1150-1157},
    acmid = {851523},
    isbn = {0-7695-0164-8}
}

@INPROCEEDINGS{Fortnow,
    author = {L. Fortnow},
    title = {Viewpoint: Time for computer science to grow up},
    booktitle = {Communications of the ACM no. 52},
    year = {2009},
    volume = {8},
    pages = {33-35},
}

@INPROCEEDINGS{Knuth,
    author = {D. E. Knuth, P. Bendix},
    title = {Simple word problems in universal algebras},
    booktitle = {Computational Problems in Abstract Algebra (ur. J. Leech)},
    year = {1970},
    pages = {263--297},
}

@INPROCEEDINGS{Lamport,
    author = {L. Lamport},
    title = {LaTEX: A Document Preparation System},
    booktitle = {Addison-Wesley},
    year = {1986},
}

@INPROCEEDINGS{ubi,
    title = {Using BibTeX},
    url = {http://www.bibtex.org/Using/}
}

@INPROCEEDINGS{licence,
    title = {licence-cc.pdf},
    url = {https://ucilnica.fri.uni-lj.si/course/view.php?id=274}
}

@ARTICLE{Syng2016,
    author = {Snygg, Joakim and Smedberg, Asa and Juell-Skielse, Gustaf},
    year = {2016},
    month = {01},
    pages = {238},
    title = {Problem management of business-critical systems in literature: a review and viable systems analysis},
    volume = {6},
    journal = {International Journal of Business Continuity and Risk Management}
}

@INPROCEEDINGS{Hinchey2010,
    author = {Hinchey, Mike and Coyle, Lorcan},
    booktitle = {2010 17th IEEE International Conference and Workshops on Engineering of Computer Based Systems},
    pages = {430--435},
    publisher = {IEEE},
    title = {{Evolving Critical Systems: A Research Agenda for Computer-Based Systems}},
    year = {2010}
}

@BOOK{Humble2010,
    author = {Humble, Jez and Farley, David},
    title = {Continuous Delivery: Reliable Software Releases through Build, Test, and Deployment Automation},
    year = {2010},
    isbn = {0321601912},
    publisher = {Addison-Wesley Professional},
    edition = {First}
}

@BOOK{Duvall2007,
    author = {Duvall, Paul and Matyas, Steve and Glover, Andrew},
    title = {Continuous Integration: Improving Software Quality and Reducing Risk},
    year = {2007},
    isbn = {9780321336385},
    publisher = {Addison-Wesley Professional},
    edition = {First}
}

@MISC{Cunningham2009,
  author = {Cunningham, Ward},
  title = {Integration Hell},
  year = 2006,
  url = {http://wiki.c2.com/?IntegrationHell},
  urldate = {2023-01-03}
}

@MISC{Fowler2006,
  author = {Fowler, Martin},
  title = {Continuous Integration},
  year = 2006,
  url = {https://martinfowler.com/articles/continuousIntegration.html},
  urldate = {2023-01-03}
}

@ARTICLE{Travassos2016,
  title={Continuous integration: Best practices, patterns, and anti-patterns},
  author={Travassos, Guilherme Horta and Fernandes, Edson B and de O Costa, Rafael F and Maldonado, Jos{\'e} Carlos},
  journal={Journal of Systems and Software},
  volume={120},
  pages={1--16},
  year={2016},
  publisher={Elsevier}
}

@INCOLLECTION{Bass2015,
  title={Continuous delivery and deployment},
  author={Bass, Len},
  booktitle={Encyclopedia of computer science and technology},
  pages={1--8},
  year={2015},
  publisher={Infobase Learning}
}

@BOOK{Fowler2010,
  title={Continuous integration},
  author={Fowler, Martin},
  year={2010},
  publisher={Addison-Wesley Professional},
  editor={Highsmith, Alistair}
}

@book{Humble2014,
  title={Continuous delivery: Reliable software releases through build, test, and deployment automation},
  author={Humble, Jez and Farley, David},
  year={2014},
  publisher={Addison-Wesley Professional}
}

@inproceedings{Jiang2016,
  title={A survey of continuous delivery and deployment},
  author={Jiang, Xianyi and Zhang, Ling and Bai, Xiang},
  booktitle={2016 12th International Conference on Natural Computation, Fuzzy Systems and Knowledge Discovery (ICNC-FSKD)},
  pages={2029--2034},
  year={2016},
  organization={IEEE}
}

@BOOK{Wittig2016,
  title={Amazon Web Services in Action},
  author={Wittig, Andreas and Wittig, Michael},
  year={2016},
  publisher={Manning Press},
  pages={93},
  isbn={978-1-61729-288-0}
}
